@ELECTRONICS{Kaggle:FER2013,
author = {Kaggle},
title = {Challenges in Representation Learning: Facial Expression Recognition Challenge},
url={https://www.kaggle.com/c/challenges-in-representation-learning-facial-expression-recognition-challenge},
year = {2013}
}

@BOOK{Brink:MachineLearningLivro,
author ={H. Brink and J. W. Richards and M. Fetherolf},
title = {Real-World Machine Learning},
year = {2017},
publisher = {Manning Publications},
address= {Estados Unidos}
}

@book{Kubat:Livro,
	title={An Introduction to Machine Learning},
	author={Miroslav Kubat},
	year={2015},
	publisher={Springer},
	address = {Estados Unidos}
}

@book{Chollet:Livro,
	title = {Deep Learning with Python},
	author = {Francois Chollet},
	publisher = {Manning Publications},
	year = {2017},
	edition = {1},
	address = {Shelter Island, New York}
}

@book{Khan:Livro,
	title={A Guide to Convolutional Neural Networks for Computer Vision},
	author={Salman Khan and Hossein Rahmani and Syed Afaq Ali Shah and Mohammed Bennamoun},
	year={2018},
	publisher={Morgan and Claypool}
}

@inproceedings{VGG,
  author    = {Karen Simonyan and Andrew Zisserman},
  title     = {Very Deep Convolutional Networks for Large-Scale Image Recognition},
  booktitle   = {3rd International Conference on Learning Representations (ICLR 2015)},
	address = {San Diego, EUA},
  year      = {2015},
}

@inproceedings{Chen:Boosting,
 author = {Tianqi Chen and Carlos Guestrin},
 title = {XGBoost: A Scalable Tree Boosting System},
 booktitle = {Proceedings of the 22Nd {ACM} {SIGKDD} International Conference on Knowledge Discovery and Data Mining},
 series = {KDD'16},
 year = {2016},
 isbn = {978-1-4503-4232-2},
 location = {San Francisco, California, USA},
 pages = {785--794},
 publisher = {ACM},
 address = {New York, NY, USA},
}
