@article{fasel2003automatic,
  title={Automatic facial expression analysis: a survey},
  author={Fasel, Beat and Luettin, Juergen},
  journal={Pattern recognition},
  volume={36},
  number={1},
  pages={259--275},
  year={2003},
  publisher={Elsevier}
}

@misc{
  francis-school, 
  title={"Google VS Teacher" Apakah Sekolah dan Guru Diperlukan di Zaman Now?}, url={https://www.francis.sch.id/google-vs-teacher-apakah-sekolah-dan-guru-diperlukan-di-zaman-now/}, 
  author={Francis-School},
  year={2018}
}

@misc{collins, 
  title={Exhibit Review of Paul Ekman's photographs and work in New Guinea with the South Fore people examining facial expressions and emotion}, 
  url={https://br.pinterest.com/pin/414894184414664997/}, 
  journal={Pinterest}, 
  author={Collins, Michelle},
  year={2008}
}

@misc{showcase, 
  title={A Importância da Setorização e das Zonas Estratégicas para um Ponto de Venda}, url={http://www.xeniadecoracoes.com.br/blog/a-importancia-da-setorizacao-e-das-zonas-estrategicas-para-um-ponto-de-venda/}, 
  journal={Xênia Decorações},
  author={Xênia Decorações}, 
  year={2014}, 
  month={Aug}
}

@misc{usability_testing, 
  title={Usability testing}, url={https://www.noldus.com/human-behavior-research/application-areas/usability-testing}, 
  journal={Human behavior research | Noldus}, 
  author={Noldus}, 
  year={2018}, 
  month={Oct}
}

@misc{drug_testing, 
  title={Ministério da Saúde recebe apoio da SBP por ajuste na vacinação contra a varicela}, url={http://www.sbp.com.br/imprensa/detalhe/nid/ministerio-da-saude-recebe-apoio-da-sbp-por-ajuste-na-vacinacao-contra-a-varicela/}, 
  journal={SBP}, 
  author={Brazilian Society of Pediatrics}, 
  year={2018}, 
  month={Jun}
}

@misc{carrier_courville, 
  url={https://www.kaggle.com/c/challenges-in-representation-learning-facial-expression-recognition-challenge/data}, 
  journal={Challenges in Representation Learning: Facial Expression Recognition Challenge | Kaggle}, author={Carrier, Pierre-Luc and Courville, Aaron},
  year={2013}
}

@inproceedings{goodfellow2013challenges,
  title={Challenges in representation learning: A report on three machine learning contests},
  author={Goodfellow, Ian J and Erhan, Dumitru and Carrier, Pierre Luc and Courville, Aaron and Mirza, Mehdi and Hamner, Ben and Cukierski, Will and Tang, Yichuan and Thaler, David and Lee, Dong-Hyun and others},
  booktitle={International Conference on Neural Information Processing},
  pages={117--124},
  year={2013},
  organization={Springer}
}

@misc{amaratunga_1970, title={Using Data Augmentations in Keras}, url={https://www.codesofinterest.com/2018/02/using-data-augmentations-in-keras.html}, journal={Codes of Interest}, author={Amaratunga, Thimira}, year={1970}, month={Jan}}

@article{Kim2016FusingAA,
  title={Fusing Aligned and Non-aligned Face Information for Automatic Affect Recognition in the Wild: A Deep Learning Approach},
  author={Bo-Kyeong Kim and Suh-Yeon Dong and Jihyeon Roh and Geon-min Kim and Soo-Young Lee},
  journal={2016 IEEE Conference on Computer Vision and Pattern Recognition Workshops (CVPRW)},
  year={2016},
  pages={1499-1508}
}

@article{DBLP:journals/corr/Tang13,
  author    = {Yichuan Tang},
  title     = {Deep Learning using Support Vector Machines},
  journal   = {CoRR},
  volume    = {abs/1306.0239},
  year      = {2013},
  url       = {http://arxiv.org/abs/1306.0239},
  archivePrefix = {arXiv},
  eprint    = {1306.0239},
  timestamp = {Wed, 07 Jun 2017 14:41:28 +0200},
  biburl    = {https://dblp.org/rec/bib/journals/corr/Tang13},
  bibsource = {dblp computer science bibliography, https://dblp.org}
}

@article{DBLP:journals/corr/PramerdorferK16,
  author    = {Christopher Pramerdorfer and
               Martin Kampel},
  title     = {Facial Expression Recognition using Convolutional Neural Networks:
               State of the Art},
  journal   = {CoRR},
  volume    = {abs/1612.02903},
  year      = {2016},
  url       = {http://arxiv.org/abs/1612.02903},
  archivePrefix = {arXiv},
  eprint    = {1612.02903},
  timestamp = {Wed, 07 Jun 2017 14:41:18 +0200},
  biburl    = {https://dblp.org/rec/bib/journals/corr/PramerdorferK16},
  bibsource = {dblp computer science bibliography, https://dblp.org}
}

@article{al2016facial,
  title={Facial Expression Recognition Using a Hybrid CNN-SIFT Aggregator},
  author={Al-Shabi, Mundher and Cheah, Wooi Ping and Connie, Tee},
  journal={arXiv preprint arXiv:1608.02833},
  year={2016}
}